<?xml version="1.0" encoding="UTF-8"?><collection xmlns="http://www.loc.gov/MARC21/slim"><record><leader>00522nam--2200181-u-4500</leader><controlfield tag="001">000055577</controlfield><controlfield tag="002">20161230</controlfield><controlfield tag="005">20161230201052</controlfield><controlfield tag="008">130227s1000------------r-----000-0-eng-d</controlfield><datafield ind1=" " ind2=" " tag="040"><subfield code="a">IFIN-HH</subfield></datafield><datafield ind1=" " ind2=" " tag="080"><subfield code="a">62(038)=82=690</subfield></datafield><datafield ind1="1" ind2=" " tag="100"><subfield code="a">Asryantz, K.G</subfield></datafield><datafield ind1="1" ind2="0" tag="245"><subfield code="a">Dicionario politecnico russo-portugues</subfield><subfield code="b">Russko-portugalskii politehniceskii slovari</subfield><subfield code="c">K.g. asryantz, v.s. matveev</subfield></datafield><datafield ind1=" " ind2=" " tag="260"><subfield code="a">Moskva</subfield><subfield code="b">Russkii Iazik</subfield><subfield code="c">1984</subfield></datafield><datafield ind1=" " ind2=" " tag="300"><subfield code="a">591P</subfield></datafield><datafield ind1="1" ind2=" " tag="700"><subfield code="a">Matveev, V.S</subfield></datafield><datafield ind1=" " ind2=" " tag="852"><subfield code="a">D.653</subfield><subfield code="c">SLT</subfield></datafield><datafield ind1=" " ind2=" " tag="CAT"><subfield code="a">Sys</subfield><subfield code="c">20130227</subfield><subfield code="h">134241</subfield></datafield></record></collection>